@article{zhao,
  title={A Newton-CG augmented Lagrangian method for semidefinite programming},
  author={Zhao, Xin-Yuan and Sun, Defeng and Toh, Kim-Chuan},
  journal={SIAM Journal on Optimization},
  volume={20},
  number={4},
  pages={1737--1765},
  year={2010},
  publisher={SIAM}
}

@article{xiao,
	title={A Regularized Semi-Smooth Newton Method With Projection Steps for Composite Convex Programs},
	author={Xiao, Xiantao and Li, Yongfeng and Wen, Zaiwen and Zhang, Liwei},
	journal={arXiv preprint arXiv:1603.07870},
	year={2016}
}

@article{vandenberghe,
	title={EE236C Lecture 13: Douglas-Rachford splitting and ADMM},
	author={Vandenberghe,L},
	journal={Lecture slides \hyperlink{http://www.seas.ucla.edu/~vandenbe/236C/lectures/dr.pdf}{http://www.seas.ucla.edu/~vandenbe/236C/lectures/dr.pdf}}
}